@article{10.1021/acs.chemmater.5b00046,
  doi = {10.1021/acs.chemmater.5b00046},
  url = {https://doi.org/10.1021/acs.chemmater.5b00046},
  year = {2015},
  month = feb,
  publisher = {American Chemical Society ({ACS})},
  volume = {27},
  number = {6},
  pages = {1905--1916},
  author = {Fran{\c{c}}ois-Xavier Coudert},
  title = {Responsive Metal{\textendash}Organic Frameworks and Framework Materials: Under Pressure,  Taking the Heat,  in the Spotlight,  with Friends},
  journal = {Chemistry of Materials}
}